<record><leader>00000cas a22000007a 4500</leader><controlfield tag="001">17005330</controlfield><controlfield tag="008">871119d18861918iauwr ne      0    0ger d</controlfield><datafield ind1=" " ind2=" " tag="010"><subfield code="a">sn 87057910 </subfield></datafield><datafield ind1=" " ind2=" " tag="040"><subfield code="a">INP</subfield><subfield code="b">eng</subfield><subfield code="c">INP</subfield><subfield code="d">OCLCQ</subfield></datafield><datafield ind1="0" ind2=" " tag="041"><subfield code="a">ger</subfield><subfield code="a">eng</subfield></datafield><datafield ind1=" " ind2=" " tag="042"><subfield code="a">msc</subfield></datafield><datafield ind1="0" ind2=" " tag="130"><subfield code="a">Holstein advance (German/English edition)</subfield></datafield><datafield ind1="1" ind2="4" tag="245"><subfield code="a">Die Holstein advance.</subfield></datafield><datafield ind1=" " ind2=" " tag="250"><subfield code="a">[German/English ed.].</subfield></datafield><datafield ind1=" " ind2=" " tag="260"><subfield code="a">Holstein, Iowa :</subfield><subfield code="b">W.F. Hutton</subfield></datafield><datafield ind1=" " ind2=" " tag="300"><subfield code="a">volumes</subfield></datafield><datafield ind1=" " ind2=" " tag="336"><subfield code="a">text</subfield><subfield code="b">txt</subfield><subfield code="2">rdacontent</subfield></datafield><datafield ind1=" " ind2=" " tag="337"><subfield code="a">unmediated</subfield><subfield code="b">n</subfield><subfield code="2">rdamedia</subfield></datafield><datafield ind1=" " ind2=" " tag="338"><subfield code="a">volume</subfield><subfield code="b">nc</subfield><subfield code="2">rdacarrier</subfield></datafield><datafield ind1="1" ind2=" " tag="362"><subfield code="a">Issued Oct.? 1886-1918?</subfield></datafield><datafield ind1=" " ind2=" " tag="546"><subfield code="a">In German and English.</subfield></datafield><datafield ind1=" " ind2=" " tag="588"><subfield code="a">Description based on: Jahrg. 1, no. 5 (4. Nov. 1886).</subfield></datafield><datafield ind1=" " ind2=" " tag="752"><subfield code="a">United States</subfield><subfield code="b">Iowa</subfield><subfield code="c">Ida</subfield><subfield code="d">Holstein.</subfield></datafield><datafield ind1="0" ind2=" " tag="775"><subfield code="t">Holstein advance (English edition)</subfield><subfield code="w">(DLC)sn 87057909</subfield></datafield></record>